<?xml version="1.0" encoding="UTF-8"?><collection xmlns="http://www.loc.gov/MARC21/slim"><record><leader>00579nam--2200181-i-4500</leader><controlfield tag="001">000032648</controlfield><controlfield tag="002">20161230</controlfield><controlfield tag="005">20161230201039</controlfield><controlfield tag="008">060222s1000------------r-----000-0-ger-d</controlfield><datafield ind1=" " ind2=" " tag="040"><subfield code="a">IFIN-HH</subfield></datafield><datafield ind1=" " ind2=" " tag="041"><subfield code="a">ger</subfield></datafield><datafield ind1=" " ind2=" " tag="080"><subfield code="a">539.32(043)</subfield></datafield><datafield ind1="1" ind2=" " tag="100"><subfield code="a">Meersmann, Jurgen</subfield></datafield><datafield ind1="1" ind2="0" tag="245"><subfield code="a">Experimentelle untersuchung der interaktion von beigung und torsion eines i-tragers aus almgsi 0,5 unter berucksichtigung der materialanisotropie</subfield><subfield code="b">Dissertation</subfield><subfield code="c">Jurgen meersmann</subfield></datafield><datafield ind1=" " ind2=" " tag="260"><subfield code="a">Berlin</subfield><subfield code="b">Universitat</subfield><subfield code="c">1989</subfield></datafield><datafield ind1=" " ind2=" " tag="300"><subfield code="a">237P</subfield></datafield><datafield ind1=" " ind2=" " tag="852"><subfield code="a">78780</subfield><subfield code="c">539.3</subfield></datafield><datafield ind1=" " ind2=" " tag="CAT"><subfield code="a">Sys</subfield><subfield code="c">20130123</subfield><subfield code="h">165748</subfield></datafield></record></collection>